@article{lowry_protein_1951,
  title = {{{PROTEIN MEASUREMENT WITH THE FOLIN PHENOL REAGENT}}},
  author = {Lowry, OliverH. and Rosebrough, NiraJ. and Farr, A. Lewis and Randall, RoseJ.},
  date = {1951-11},
  journaltitle = {Journal of Biological Chemistry},
  shortjournal = {Journal of Biological Chemistry},
  volume = {193},
  number = {1},
  pages = {265--275},
  issn = {00219258},
  doi = {10.1016/S0021-9258(19)52451-6},
  url = {https://linkinghub.elsevier.com/retrieve/pii/S0021925819524516},
  urldate = {2024-05-14},
  langid = {english},
  file = {C:\Users\morit\Zotero\storage\HSFTR5FZ\Lowry et al. - 1951 - PROTEIN MEASUREMENT WITH THE FOLIN PHENOL REAGENT.pdf}
}
